@article{wl94,
 author = {Woo, Thomas Y. C. and Lam, Simon S.},
 title = {A lesson on authentication protocol design},
 journal = {SIGOPS Oper. Syst. Rev.},
 issue_date = {July 1994},
 volume = {28},
 number = {3},
 month = jul,
 year = {1994},
 issn = {0163-5980},
 pages = {24--37},
 numpages = {14},
 doi = {10.1145/182110.182113},
 acmid = {182113},
 publisher = {ACM},
 address = {New York, NY, USA},
}

@MISC{cj97,
  AUTHOR = {John Clark and Jeremy Jacob},
  TITLE = {A Survey of Authentication Protocol Literature},
  MONTH = {November},
  YEAR = 1997,
  URL = {http://www.cs.york.ac.uk/\textasciitilde jac/PublishedPapers/reviewV1\_1997.pdf},
}

@Misc{repr,
author = {Florent Jacquemard},
title = {Woo and Lam Pi f},
howpublished = "online",
revised = "Last modified 2001-10-27",
cited = "2012-5-1",
url = {http://www.lsv.ens-cachan.fr/Software/spore/wooLamPif.html},
}