

@MISC
{atc,
	title={Auto Local Threshold},
	author={Gabriel Landini},
	year={2013},
	howpublished={\url{http://fiji.sc/Auto_Local_Threshold}}
}


@MISC
{lcm,
	title={Local Contrast and Mean based Thresholding Technique in Image Binarization},
	author={Singh, O. I. and James, O. and Singh, T. R. and Sinam, T.},
	year={2012},
	howpublished={\url{http://citeseerx.ist.psu.edu/viewdoc/download?doi=10.1.1.258.7453&rep=rep1&type=pdf}}
}


@MISC
{vat,
	title={Validation of various adaptive threshold methods of segmentation},
	author={Korzynska, A. and Roszkowiak, L. and Lopez, C. and Bosch, R. and Witkowski, L. and Lejeune, M.},
	year={2013},
	howpublished={\url{http://www.diagnosticpathology.org/content/8/1/48#B38}}
}

