@Misc{szpi,
  author = {{Státní zemědělská a potravinářská inspekce}},
  title = {Informace k výskytu metylalkoholu v~lihovinách},
  howpublished = "online",
  revised = "Poslední modifikace 20. listopadu 2012",
  url = {http://www.szpi.gov.cz/docDetail.aspx?docid=1041034\&docType=ART\&nid=11343},
}

@Misc{eagri,
  author = {{Ministerstvo zemědělství}},
  title = {Kauza metanol},
  howpublished = "online",
  revised = "Poslední modifikace 30. listopadu 2012",
  url = {http://eagri.cz/public/web/mze/tiskovy-servis/kauza-metanol},
}

@Misc{an1,
  author = {Martin Bořil},
  title = {Podezřelý alkohol otestují Jihomoravanům zdarma školy i naftové doly},
  howpublished = "online",
  revised = "Poslední modifikace 13. září 2012",
  url = {http://brno.idnes.cz/podezrely-alkohol-si- muzete-na-jihu-moravy-nechat-zkontrolovat-p8p-/brno-zpravy.aspx?c=A120913\_120234\_ brno-zpravy\_bor},
}

@Misc{an2,
  author = {Martin Ťopek},
  title = {Policie ani hasiči lahev neověří, pomoc nabízí pardubická univerzita},
  howpublished = "online",
  revised = "Poslední modifikace 18. září 2012",
  url = {http://pardubice.idnes.cz/rozbor- alkoholu-udela-jen-univerzita-dw8-/pardubice-zpravy.aspx?c=A120918\_1830266\_pardubi ce-zpravy\_mt},
}

@Misc{an3,
  author = {Tereza Krumpholzová},
  title = {Váháte, zda máte doma kvalitní alkohol? Otestují vám ho na 3 místech v~kraji},
  howpublished = "online",
  revised = "Poslední modifikace 26. září 2012",
  url = {http://regiony.impuls.cz/ moravskoslezsky-kraj/vahate-zda-mate-doma-kvalitni-alkohol-otestuji-vam-ho-na-3- mistech-v-kraji-20120.html},
}

@Misc{raman1,
  author = {ČTK},
  title = {VŠCHT vyvinula metodu, jak poznat metanol přes lahev},
  howpublished = "online",
  revised = "Poslední modifikace 3.~října 2012",
  url = {http://www.novinky.cz/domaci/280491-vscht-vyvinula-metodu-jak- poznat-metanol-pres-lahev.html},
}

@Misc{akre,
  author = {{Český institut pro akreditaci}},
  title = {Zkušební laboratoře},
  howpublished = "online",
  revised = "Poslední modifikace 5. prosince 2012",
  url = {http://www.cia.cz/default.aspx?id=10\&scopeId=9},
}

@Misc{rcen,
  author = {mav},
  title = {Prověření zakoupeného alkoholu nabízejí i některá obchodní centra},
  howpublished = "online",
  revised = "Poslední modifikace 12. října 2012",
  url = {http://www.ceskatelevize.cz/ct24/ekonomika/ 199434-provereni-zakoupeneho-alkoholu-nabizeji-i-nektera-obchodni-centra/},
}

@Misc{raman2,
  author = {Karolína Vrbasová},
  title = {Metanol rozpoznají vědci i v~zavřené lahvi, test netrvá ani tři minuty},
  howpublished = "online",
  revised = "Poslední modifikace 4. října 2012",
  url = {http://www.novinky.cz/domaci/280592- metanol-rozpoznaji-vedci-i-v-zavrene-lahvi-test-netrva-ani-tri-minuty.html},
}

@Misc{nak1,
  author = {{Česká republika}},
  title = {Příloha č. 1 k vyhlášce č. 541/2002 Sb., pozměněna vyhláškou č. 469/2005 Sb.},
  howpublished = "online",
  url = {http://www.szpi.gov.cz/ViewFile.aspx?docid=1025291},
}
