@Book{rybicka,
author = "Rybi\v{c}ka, Ji\v{r}í",
title = "{{\LaTeX}} pro za\v{c}áte\v{c}níky",
publisher = "Konvoj",
year = "2003",
address = "Brno",
edition = "3",
isbn = "80-7302-049-1",
}

@Book{digtyp,
author = "Syropoulos, Apostolos and Tsolomitis, Antonis and Sofroniou, Nick",
title = "Digital typography using {{\LaTeX}}",
publisher = "Springer-Verlag",
year = "2003",
address = "New York",
edition = "1",
isbn = "0-387-95217-9",
}

@Misc{latexproj,
author = "{{{\LaTeX}} project team}",
title = "An introduction to {{\LaTeX}}",
howpublished = "online",
revised = "Last revised on Feb 09, 2008",
cited = "2012-4-16",
url = "http://www.latex-project.org/intro.html",
}

@Misc{vsbbenes,
author = "Bene\v{s}, Miroslav",
title = "Úvod do systému {{\LaTeX}}",
howpublished = "online",
year = "1998",
revised = "Poslední modifikace 31. \v{c}ervenec 2001",
cited = "2012-4-16",
url = "http://www.cs.vsb.cz/benes/vyuka/latex/",
}

@Misc{typomil,
author = "Typomil, Martin",
title = "Písmo a typografie",
howpublished = "online",
year = "2004",
revised = "Poslední modifikace 22. listopad 2011",
cited = "2012-4-16",
url = "http://typomil.com/",
}

@inproceedings{wwfu,
 author = {Salzberg, Ben and Murphy, Trevor},
 title = {{\LaTeX}: when word fails you},
 booktitle = {Proceedings of the 33rd annual ACM SIGUCCS fall conference},
 series = {SIGUCCS '05},
 year = {2005},
 isbn = {1-59593-200-3},
 location = {Monterey, CA, USA},
 pages = {241--243},
 numpages = {3},
 url = {http://doi.acm.org/10.1145/1099435.1099490},
 doi = {10.1145/1099435.1099490},
 acmid = {1099490},
 publisher = {ACM},
 address = {New York, NY, USA},
}

@article{linuxj,
 author = {Johnson, Kim},
 title = {{\LaTeX} for the Timid},
 journal = {Linux J.},
 issue_date = {Oct. 1995},
 volume = {1995},
 number = {18es},
 month = oct,
 year = {1995},
 issn = {1075-3583},
 articleno = {4},
 url = {http://dl.acm.org/citation.cfm?id=324900.324904},
 acmid = {324904},
 publisher = {Belltown Media},
 address = {Houston, TX},
}

@article{latesec,
 author = {Artymiak, Jacek},
 title = {LaTeX for secretaries},
 journal = {Linux J.},
 issue_date = {Feb. 2000},
 volume = {2000},
 number = {70es},
 month = feb,
 year = {2000},
 issn = {1075-3583},
 articleno = {6},
 url = {http://dl.acm.org/citation.cfm?id=348120.348386},
 acmid = {348386},
 publisher = {Belltown Media},
 address = {Houston, TX},
}

@BachelorThesis{pysny,
author = "Py\v{s}ný, Radek",
title = "Bib{{\TeX}} styl pro \v{C}SN ISO 690 a \v{C}SN ISO 690-2",
school = "FIT VUT v~Brně",
address = "Brno",
year = "2009",
pages = "41",
inserts = "15",
}

@BachelorThesis{simek,
author = "\v{S}imek, Ji\v{r}í",
title = "Transformace výrazů z Editoru Rovnic do {{\LaTeX}}u",
school = "FIT VUT v~Brně",
address = "Brno",
year = "2009",
pages = "26",
inserts = "12",
}

